@inproceedings{toshev2014deeppose,
  title={Deeppose: Human pose estimation via deep neural networks},
  author={Toshev, Alexander and Szegedy, Christian},
  booktitle={Proceedings of the IEEE conference on computer vision and pattern recognition},
  pages={1653--1660},
  year={2014}
}
@inproceedings{tompson2015efficient,
  title={Efficient object localization using convolutional networks},
  author={Tompson, Jonathan and Goroshin, Ross and Jain, Arjun and LeCun, Yann and Bregler, Christoph},
  booktitle={Proceedings of the IEEE Conference on Computer Vision and Pattern Recognition},
  pages={648--656},
  year={2015}
}
@inproceedings{wei2016convolutional,
  title={Convolutional pose machines},
  author={Wei, Shih-En and Ramakrishna, Varun and Kanade, Takeo and Sheikh, Yaser},
  booktitle={Proceedings of the IEEE conference on Computer Vision and Pattern Recognition},
  pages={4724--4732},
  year={2016}
}
@inproceedings{newell2016stacked,
  title={Stacked hourglass networks for human pose estimation},
  author={Newell, Alejandro and Yang, Kaiyu and Deng, Jia},
  booktitle={European conference on computer vision},
  pages={483--499},
  year={2016},
  organization={Springer}
}
@inproceedings{sun2019deep,
  title={Deep high-resolution representation learning for human pose estimation},
  author={Sun, Ke and Xiao, Bin and Liu, Dong and Wang, Jingdong},
  booktitle={Proceedings of the IEEE Conference on Computer Vision and Pattern Recognition},
  pages={5693--5703},
  year={2019}
}
@article{godson2019accuracy,
  title={Accuracy and precision in acupuncture point location: a critical systematic review},
  author={Godson, Debra R and Wardle, Jonathan L},
  journal={Journal of acupuncture and meridian studies},
  volume={12},
  number={2},
  pages={52--66},
  year={2019},
  publisher={Elsevier}
}
@inproceedings{kanehira2008development,
  title={Development of an acupuncture training system using virtual reality technology},
  author={Kanehira, Ren and Shoda, Atsushi and Yagihashi, Makoto and Narita, Hirohisa and Fujimoto, Hideo},
  booktitle={2008 Fifth International Conference on Fuzzy Systems and Knowledge Discovery},
  volume={4},
  pages={665--668},
  year={2008},
  organization={IEEE}
}

@misc{meridian,
  key =          "Meridian",
  author =       {Wikipedia},
  title =        {Meridian (Chinese medicine)},
  year =         2020,
  note =         {\url{https://en.wikipedia.org/wiki/Meridian_(Chinese_medicine)}},
}
@article{li2015acupoint,
  title={What is the Acupoint? A preliminary review of Acupoints},
  author={Li, Fang and He, Tian and Xu, Qian and Lin, Li-Ting and Li, Hui and Liu, Yan and Shi, Guang-Xia and Liu, Cun-Zhi},
  journal={Pain Medicine},
  volume={16},
  number={10},
  pages={1905--1915},
  year={2015}
}


@article{lugaresi2019mediapipe,
  title={Mediapipe: A framework for building perception pipelines},
  author={Lugaresi, Camillo and Tang, Jiuqiang and Nash, Hadon and McClanahan, Chris and Uboweja, Esha and Hays, Michael and Zhang, Fan and Chang, Chuo-Ling and Yong, Ming Guang and Lee, Juhyun and others},
  journal={arXiv preprint arXiv:1906.08172},
  year={2019}
}
@inproceedings{jiang2015acu,
  title={Acu glass: quantifying acupuncture therapy using Google glass},
  author={Jiang, Haotian and Starkman, James and Kuo, Chia-Hung and Huang, Ming-Chun},
  booktitle={Proceedings of the 10th EAI International Conference on Body Area Networks},
  pages={7--10},
  year={2015}
}
@inproceedings{chen2017localization,
  title={Localization of Acupoints using Augmented Reality},
  author={Chen, Yi-Zhang and Maigre, Corky and Hu, Min-Chun and Lan, Kun-chan},
  booktitle={Proceedings of the 8th ACM on Multimedia Systems Conference},
  pages={239--241},
  year={2017}
}
@inproceedings{lan2018toward,
  title={Toward Automated Acupressure Therapy},
  author={Lan, Kun-Chan and Li, Guan-Sheng and Zhang, Jun-Xiang},
  booktitle={Proceedings of the 16th ACM Conference on Embedded Networked Sensor Systems},
  pages={384--385},
  year={2018}
}
@inproceedings{huber2016multiresolution,
  title={A multiresolution 3d morphable face model and fitting framework},
  author={Huber, Patrik and Hu, Guosheng and Tena, Rafael and Mortazavian, Pouria and Koppen, P and Christmas, William J and Ratsch, Matthias and Kittler, Josef},
  booktitle={Proceedings of the 11th International Joint Conference on Computer Vision, Imaging and Computer Graphics Theory and Applications},
  year={2016}
}
@inproceedings{bulat2017far,
  title={How far are we from solving the 2d \& 3d face alignment problem?(and a dataset of 230,000 3d facial landmarks)},
  author={Bulat, Adrian and Tzimiropoulos, Georgios},
  booktitle={Proceedings of the IEEE International Conference on Computer Vision},
  pages={1021--1030},
  year={2017}
}
@inproceedings{sagonas2013semi,
  title={A semi-automatic methodology for facial landmark annotation},
  author={Sagonas, Christos and Tzimiropoulos, Georgios and Zafeiriou, Stefanos and Pantic, Maja},
  booktitle={Proceedings of the IEEE conference on computer vision and pattern recognition workshops},
  pages={896--903},
  year={2013}
}
@article{belhumeur2013localizing,
  title={Localizing parts of faces using a consensus of exemplars},
  author={Belhumeur, Peter N and Jacobs, David W and Kriegman, David J and Kumar, Neeraj},
  journal={IEEE transactions on pattern analysis and machine intelligence},
  volume={35},
  number={12},
  pages={2930--2940},
  year={2013},
  publisher={IEEE}
}
@inproceedings{le2012interactive,
  title={Interactive facial feature localization},
  author={Le, Vuong and Brandt, Jonathan and Lin, Zhe and Bourdev, Lubomir and Huang, Thomas S},
  booktitle={European conference on computer vision},
  pages={679--692},
  year={2012},
  organization={Springer}
}
@inproceedings{zhu2012face,
  title={Face detection, pose estimation, and landmark localization in the wild},
  author={Zhu, Xiangxin and Ramanan, Deva},
  booktitle={2012 IEEE conference on computer vision and pattern recognition},
  pages={2879--2886},
  year={2012},
  organization={IEEE}
}

@article{kartynnik2019real,
  title={Real-time Facial Surface Geometry from Monocular Video on Mobile GPUs},
  author={Kartynnik, Yury and Ablavatski, Artsiom and Grishchenko, Ivan and Grundmann, Matthias},
  journal={arXiv preprint arXiv:1907.06724},
  year={2019}
}
@article{tkachenka2019real,
  title={Real-time Hair Segmentation and Recoloring on Mobile GPUs},
  author={Tkachenka, Andrei and Karpiak, Gregory and Vakunov, Andrey and Kartynnik, Yury and Ablavatski, Artsiom and Bazarevsky, Valentin and Pisarchyk, Siargey},
  journal={arXiv preprint arXiv:1907.06740},
  year={2019}
}
@misc{musculoskeletalkey,
  key =          "musculoskeletalkey",
  author =       {Unknown},
  title =        {YNSA Basic Points},
  year =         2017,
  note =         {\url{https://musculoskeletalkey.com/ynsa-basic-points/}}
}
@misc{jingxuebiaozhun,
  key =          "jingxuebiaozhun",
  author =       {Unknown},
  title =        {National Standard of the People's Republic of China, Acupoints},
  year =         2005,
  note =         {\url{https://musculoskeletalkey.com/ynsa-basic-points/}}
}
@misc{stchannel,
  key =          "stchannel",
  author =       {Unknown},
  title =        {Atlas Of Acupuncture Points},
  year =         2007,
  note =         {\url{www.AcupunctureProducts.com}}
}

@Misc{CHINOSAUR:venue,
  author =       {@\_CHINOSAUR},
  key =          {_CHINOSAUR},
  howpublished = {Tweet},
  title =        {"VENUE IS TOO COLD" \#BINGO \#CHI2014},
  month =        {May},
  day =          1,
  year =         2014,
  note =         {Retrieved Febuary 2, 2015 from
                  \url{https://twitter.com/_CHINOSAUR/status/461864317415989248}},
  annote =       {Tweet}
}

@misc{supermetroid:snes,
	Address = {Kyoto, Japan},
	Author = {{Nintendo R\&D1} and {Intelligent Systems}},
	Day = {18},
	Howpublished = {Game [SNES]},
	Month = {April},
	Note = {Nintendo, Kyoto, Japan. Played August 2011.},
	Publisher = {Nintendo},
	Title = {\emph{Super Metroid}},
	Year = {1994}
}

@inproceedings{Klemmer:2002:WSC:503376.503378,
  author =       {Klemmer, Scott R. and Thomsen, Michael and
                  Phelps-Goodman, Ethan and Lee, Robert and Landay,
                  James A.},
  title =        {Where Do Web Sites Come from?: Capturing and
                  Interacting with Design History},
  booktitle =    {Proceedings of the SIGCHI Conference on Human
                  Factors in Computing Systems},
  series =       {CHI '02},
  year =         2002,
  isbn =         {1-58113-453-3},
  location =     {Minneapolis, Minnesota, USA},
  pages =        {1--8},
  url =          {http://doi.acm.org/10.1145/503376.503378},
  doi =          {10.1145/503376.503378},
  acmid =        503378,
  publisher =    {ACM},
  address =      {New York, NY, USA},
  keywords =     {CSCW, activity capture, design rationale, history
                  management, informal interfaces, sketching, tangible
                  UI, web design},
}

@inproceedings{Mather:2000:MUT,
  title =        {Making up titles for conference papers},
  author =       {Mather, B. D.},
  booktitle =    {Ext. Abstracts CHI 2000},
  year =         2000,
  publisher =    "ACM Press",
  pages =        "1-2",
}

@book{Schwartz:1995:GBF,
  title =        {Guidelines for Bias-Free Writing},
  author =       {Marilyn Schwartz},
  address =      {Bloomington, IN, USA},
  year =         1995,
  publisher =    {ERIC}
}

@inproceedings{Zellweger:2001:FAO:504216.504224,
  author =       {Zellweger, Polle T. and Bouvin, Niels Olof and
                  Jeh{\o}j, Henning and Mackinlay, Jock D.},
  title =        {Fluid annotations in an open world},
  booktitle =    {Proc. Hypertext 2001},
  year =         2001,
  pages =        {9--18},
  publisher =    {ACM Press},
}

@misc{acm_categories,
  key =          "ACM",
  author =       {ACM},
  title =        {How to Classify Works Using ACM's Computing
                  Classification System},
  year =         1998,
  note =         {\url{http://www.acm.org/class/how_to_use.html}},
}

@Misc{cavender:writing,
  author =       {Anna Cavender and Shari Trewin and Vicki Hanson},
  title =        {Accessible Writing Guide},
  year =         2014,
  day =          22,
  note =
                  {\url{http://www.sigaccess.org/welcome-to-sigaccess/resources/accessible-writing-guide/}},
  annote =       {URL}
}

@article{ethics,
  title =        {{Social Impacts of Computing: Codes of Professional
                  Ethics}},
  author =       {R. E. Anderson},
  doi =          "10.1177/089443939201000402",
  journal =      "Social Science Computer Review December",
  year =         1992,
  volume =       10,
  number =       4,
  pages =        "453-469"
}

@Misc{heilig:sensorama,
  author =       {Morton L. Heilig},
  title =        {Sensorama Simulator},
  howpublished = {U.S. Patent 3,050,870},
  month =        {August},
  day =          28,
  year =         1962,
  note =         {Filed Februrary 22, 1962.},
  annote =       {is this right?}
},

@article{kaye:puc,
  year =         2014,
  issn =         {1617-4909},
  journal =      {Personal and Ubiquitous Computing},
  volume =       18,
  number =       4,
  doi =          {10.1007/s00779-014-0773-4},
  title =        {Special issue on science fiction and ubiquitous
                  computing},
  url =          {http://dx.doi.org/10.1007/s00779-014-0773-4},
  publisher =    {Springer London},
  author =       {Kaye, Jofish and Dourish, Paul},
  pages =        {765-766},
  language =     {English}
}

@Misc{psy:gangnam,
  author =       {Psy},
  title =        {Gangnam Style},
  howpublished = {Video},
  month =        {July},
  day =          15,
  year =         2012,
  note =         {Retrieved August 22, 2014 from
                  \url{https://www.youtube.com/watch?v=9bZkp7q19f0}},
  annote =       {Video URL}
}

@PhdThesis{sutherland:sketchpad,
  author =       {Ivan E. Sutherland},
  title =        {Sketchpad, a Man-Machine Graphical Communication
                  System},
  school =       {Massachusetts Institute of Technology},
  year =         1963,
  address =      {Cambridge, MA},
}

@InBook{winner:politics,
  author =       {Langdon Winner},
  title =        {The Social Shaping of Technology},
  chapter =      {Do artifacts have politics?},
  publisher =    {Open University Press},
  year =         1999,
  address =      {UK},
  edition =      {2nd},
  pages =        {28--40},
}
